@article{secp256k1:openCLimplementationHanh0,
author="Author: \url{https://github.com/hhanh00}",
title="Project SECP256K1-CL, \url{https://github.com/hhanh00/secp256k1-cl}",
year="2014" 
}

@article{Wuille:secp256k1,
author="Pieter Wuille and contributors",
title="libsecp256k1 \url{https://github.com/sipa/secp256k1}",
year="2015" 
}

@article{forbes:IntelGPUupcoming,
author = "Jason Evangelho",
title = "Intel Is Developing A Desktop Gaming GPU To Fight {N}vidia, {AMD}, \url{https://www.forbes.com/sites/jasonevangelho/2018/04/11/intel-is-developing-a-desktop-gaming-gpu-to-fight-nvidia-amd/#54a74d33578f}",
year="2018" 
}

@article{MemetiLPKK17:CUDAvsOpenCL:DBLP:journals/corr,
	author    = {Suejb Memeti and
	Lu Li and
	Sabri Pllana and
	Joanna Kolodziej and
	Christoph W. Kessler},
	title     = {Benchmarking OpenCL, OpenACC, OpenMP, and {CUDA:} programming productivity,
	performance, and energy consumption},
	journal   = {CoRR},
	volume    = {abs/1704.05316},
	year      = {2017},
	url       = {http://arxiv.org/abs/1704.05316},
	archivePrefix = {arXiv},
	eprint    = {1704.05316},
	timestamp = {Thu, 18 Jan 2018 13:08:10 +0100},
	biburl    = {https://dblp.org/rec/bib/journals/corr/MemetiLPKK17},
	bibsource = {dblp computer science bibliography, https://dblp.org}
}

@article{KarimiEtAl:DBLP:CUDAvsOpenCL,
	author    = {Kamran Karimi and
	Neil G. Dickson and
	Firas Hamze},
	title     = {A Performance Comparison of {CUDA} and OpenCL},
	journal   = {CoRR},
	volume    = {abs/1005.2581},
	year      = {2010},
	url       = {http://arxiv.org/abs/1005.2581},
	archivePrefix = {arXiv},
	eprint    = {1005.2581},
	timestamp = {Wed, 07 Jun 2017 14:42:50 +0200},
	biburl    = {https://dblp.org/rec/bib/journals/corr/abs-1005-2581},
	bibsource = {dblp computer science bibliography, https://dblp.org}
}

@article{NVIDIA:openCLBestPractices,
title="{NVIDIA} open{CL} Best Practices Guide, Version 1.0, \url{https://www.nvidia.com/content/cudazone/CUDABrowser/downloads/papers/NVIDIA_OpenCL_BestPracticesGuide.pdf}",
author="{NVIDIA} {C}orporation, \url{www.nvidia.com}",
year = "2009"
}

@misc{cryptoeprint2017analysisofbitcoinUTXOs,
	author = {Sergi Delgado-Segura and Cristina Pérez-Solà and Guillermo Navarro-Arribas and Jordi Herrera-Joancomartí},
	title = {Analysis of the Bitcoin UTXO set},
	howpublished = {Cryptology ePrint Archive, Report 2017/1095},
	year = {2017},
	note = {\url{https://eprint.iacr.org/2017/1095}}
}

@misc{cryptoeprintSimpleSchnorrMultisignatures,
    author = {Gregory Maxwell and Andrew Poelstra and Yannick Seurin and Pieter Wuille},
    title = {Simple Schnorr Multi-Signatures with Applications to Bitcoin},
    howpublished = {Cryptology ePrint Archive, Report 2018/068},
    year = {2018},
    note = {\url{https://eprint.iacr.org/2018/068}}
}

@Inbook{Horster1995,
author="Horster, Patrick
and Michels, Markus
and Petersen, Holger",
editor="Eloff, Jan H. P.
and von Solms, Sebastiaan H.",
title="Meta-Multisignature schemes based on the discrete logarithm problem",
bookTitle="Information Security --- the Next Decade: Proceedings of the IFIP TC11 eleventh international conference on information security, IFIP/Sec '95",
year="1995",
publisher="Springer US",
address="Boston, MA",
pages="128--142",
abstract="In this paper we present the first multisignature scheme giving message recovery based on the discrete logarithm problem. An efficient multisignature scheme with appendix has been proposed by Harn recently. We cryptanalyze this scheme, present two attacks and show how to countermeasure them. Furthermore we adopt the Meta-ElGamal and Meta-Message recovery signature scheme with one and two message blocks to the slightly modified scheme and give conditions which variants can be used. We show that for the variants giving message recovery it is useful to apply the variants with two message blocks to prevent the described attacks and to guarantee the efficiency of the scheme.",
isbn="978-0-387-34873-5",
doi="10.1007/978-0-387-34873-5_11",
url="https://doi.org/10.1007/978-0-387-34873-5_11"
}


@article{SeberryToTonien:aNewGenericDigitalSignatureAlgorithm,
author = " Seberry, Jennifer and To, Vinhbuu and Tonien, Dongvu",
title = "A new generic digital signature algorithm",
journal = "Groups - Complexity - Cryptology",
volume = "3",
pages = "221-237",
year = "2011",
biburl = "https://www.degruyter.com/view/j/gcc.2011.3.issue-2/gcc.2011.008/gcc.2011.008.xml"
}
